<?xml version="1.0" encoding="UTF-8"?><collection xmlns="http://www.loc.gov/MARC21/slim"><record><leader>00466nam--2200145-i-4500</leader><controlfield tag="001">000045322</controlfield><controlfield tag="002">20161230</controlfield><controlfield tag="005">20161230201045</controlfield><controlfield tag="008">060222s1000------------r-----000-0-eng-d</controlfield><datafield ind1=" " ind2=" " tag="080"><subfield code="a">331</subfield></datafield><datafield ind1=" " ind2=" " tag="245"><subfield code="a">Technoilogy and engineering. reactor coolants,moderators,heat transfer, reactor chemistry and corosionof reactor materials</subfield></datafield><datafield ind1=" " ind2=" " tag="260"><subfield code="a">London, Pergamon Press, 1956</subfield></datafield><datafield ind1=" " ind2=" " tag="490"><subfield code="a">Progress In Nuclear Energy. Series Iv</subfield></datafield><datafield ind1=" " ind2=" " tag="700"><subfield code="a">Hurst,R.Ands.Maclain</subfield></datafield><datafield ind1=" " ind2=" " tag="852"><subfield code="a">11190</subfield></datafield></record></collection>